@Misc{matt-welsh-blog,
   author={Matt Welsh},
   title={Volatile and Decentralized},
   note={\url{http://matt-welsh.blogspot.com/2013/05/
what-i-wish-systems-researchers-would.html}}
}

@Misc{azure-error,
   author={},
   title={Configuration error brings down the Azure cloud platform.},
   note={\url{http://www.evolven.com/blog/configuration-error-brings-down-the-azure-cloud-platform.html}}
}

@Misc{facebook-error,
   author={Robert Johnson},
   title={ More details on today’s outage.},
   note={\url{https://www.facebook.com/notes/facebook-engineering/more-details-on-todaysoutage/431441338919}}
}

@Misc{dns-misconfiguration,
   author={},
   title={DNS misconfiguration.},
   note={\url{http://www.circleid.com/posts/misconfiguration_brings_down_entire_se_domain_in_sweden}}
}

@Misc{apache-camel-web,
  author	= {{Apache Camel}},
  title		= {},
  note		= {\url{http://camel.apache.org/}}
}

@Misc{firefox-web,
  author	= {{Firefox Web browser}},
  title		= {},
  note		= {\url{http://hg.mozilla.org}}
}

@Misc{selenium-hq,
  author	= {{Selenium Projects}},
  title		= {},
  note		= {\url{http://www.seleniumhq.org/projects/}}
}

@Misc{jgit,
  author	= {{JGit}},
  title		= {Java library implementing the Git version control system.},
  note		= {\url{https://eclipse.org/jgit/}}
}

@Misc{linux-kernel-web,
  author	= {{Linux kernel}},
  title		= {},
  note		= {\url{http://www.kernel.org}}
}

@Misc{gcc-web,
  author	= {{GCC} compiler infrastructure},
  title		= {},
  note		= {\url{http://gcc.gnu.org}}
}

@Misc{groupon-web,
  author	= {{Groupon}},
  title		= {A global e-commerce marketplace},
  note		= {\url{http://groupon.com}}
}

@inproceedings{zhang-ernst-icse2014,
author = {Zhang, Sai and Ernst, Michael D.},
 title = {{W}hich {C}onfiguration {O}ption {S}hould {I} {C}hange?},
 booktitle = {Proceedings of the 36th International Conference on Software Engineering},
 series = {ICSE 2014},
 year = {2014},
 pages = {152--163}
} 


@inproceedings{zhang-ernst-icse2013,
author = {Zhang, Sai and Ernst, Michael D.},
 title = {{A}utomated {D}iagnosis of {S}oftware {C}onfiguration {E}rrors},
 booktitle = {ICSE},
 year = {2013},
 pages = {312--321}
}

@inproceedings{cohen:issta07,
 author = {Cohen, Myra B. and Dwyer, Matthew B. and Shi, Jiangfan},
 title = {Interaction testing of highly-configurable systems in the presence of constraints},
 booktitle = {ISSTA},
 year = {2007},
 pages = {129--139}
 }


@inproceedings{emine-etal-issta2011,
 author = {Dumlu, Emine and Yilmaz, Cemal and Cohen, Myra B. and Porter, Adam},
 title = {Feedback driven adaptive combinatorial testing},
 booktitle = {ISSTA},
 year = {2011},
 isbn = {978-1-4503-0562-4},
 pages = {243--253},
 numpages = {11},
}


@inproceedings{cohen-etal-icse2003,
 author = {Cohen, Myra B. and Gibbons, Peter B. and Mugridge, Warwick B. and Colbourn, Charles J.},
 title = {Constructing test suites for interaction testing},
 booktitle = {ICSE},
 year = {2003},
 pages = {38--48},
}


@inproceedings{cohen-shmuelur-icse2010,
  author    = {Myra B. Cohen and
               Shmuel Ur},
  title     = {Combinatorial test design in practice},
  booktitle = {ICSE},
  year      = {2010},
  pages     = {495-496}
}


@inproceedings{medeiros-etal-icse2016,
 author = {Fl\'avio Medeiros and Christian K\"astner and M�rcio Ribeiro and Rohit Gheyi and Sven Apel},
 title = {A Comparison of 10 Sampling Algorithms for Configurable Systems},
 booktitle = {ICSE},
 year = {2016},
 pages = {XXX--YYY}
}

@inproceedings{ribeiro-etal-icse2014,
 author = {Ribeiro, M\'{a}rcio and Borba, Paulo and K\"{a}stner, Christian},
 title = {Feature Maintenance with Emergent Interfaces},
 booktitle = {ICSE},
 year = {2014},
 pages = {989--1000}
}

@inproceedings{kenner-etal-fosd-2010,
 author = {Kenner, Andy and K\"{a}stner, Christian and Haase, Steffen and Leich, Thomas},
 title = {TypeChef: Toward Type Checking \#Ifdef Variability in C},
 booktitle = {FOSD},
 year = {2010},
 pages = {25--32}
}

@InProceedings{spllift,
  author = 	 {Eric Bodden and Mira Mezini and Claus Brabrand and T\'arsis Tol\^edo and M\'arcio Ribeiro and Paulo Borba},
  title = 	 {{SPLlift} - Transparent and Efficient Reuse of {IFDS}-based Static Program Analyses for Software Product Lines},
  booktitle = {PLDI},
  year = 	 {2013}
}

@inproceedings{brabrand-2012,
 author = {Brabrand, Claus and Ribeiro, M\'{a}rcio and Tol\^{e}do, T\'{a}rsis and Borba, Paulo},
 title = {Intraprocedural dataflow analysis for software product lines},
 booktitle = {AOSD},
 year = {2012},
 pages = {13--24}
}

@inproceedings{behrang-etal-fse2015,
 author = {Behrang, Farnaz and Cohen, Myra B. and Orso, Alessandro},
 title = {Users Beware: Preference Inconsistencies Ahead},
 booktitle = {ESEC/FSE},
 series = {ESEC/FSE 2015},
 year = {2015},
 pages = {295--306}
}


@inproceedings{kim-etal-fse2013,
 author = {Kim, Chang Hwan Peter and Marinov, Darko and Khurshid, Sarfraz and Batory, Don and Souto, Sabrina and Barros, Paulo and d'Amorim, Marcelo},
  title = {{SPL}at: {L}ightweight {D}ynamic {A}nalysis for {R}educing {C}ombinatorics in {T}esting {C}onfigurable {S}ystems},
  booktitle = {ESEC/FSE},
  year = {2013},
  pages = {257--267}
}

@inproceedings{sabrina-etal-splc15,
author = {Souto, Sabrina and Gopinath, Divya and d'Amorim, Marcelo and Marinov, Darko and Khurshid, Sarfraz and Batory, Don},
 title = {{F}aster {B}ug {D}etection for {S}oftware {P}roduct {L}ines with {I}ncomplete {F}eature {M}odels},
 booktitle = {SPLC},
 year = {2015},
 pages = {151--160}
}

@Misc{souto-damorim-jss-2016,
title={Time-Space Efficient Regression Testing for Configurable Systems},
author={Sabrina Souto and Marcelo d'Amorim},
note={Under Submission}
}

@INPROCEEDINGS{campos-etal-ase2016,
author={J. Campos and R. Abreu and G. Fraser and M. d'Amorim},
booktitle={ASE},
title={Entropy-based test generation for improved fault localization},
year={2013},
pages={257-267},
month={Nov}}

@article{ceri-etal-ieee-tkde-1989,
 author = {Ceri, S. and Gottlob, G. and Tanca, L.},
 title = {What You Always Wanted to Know About Datalog (And Never Dared to Ask)},
 journal = {IEEE Transactions on Knowledge and Data Engineering},
 issue_date = {March 1989},
 volume = {1},
 number = {1},
 month = mar,
 year = {1989},
 pages = {146--166},
 numpages = {21}
}
                 
