@book{everitt-book-stats-2010,
 author        = "Everitt, B S and Skrondal, A",
 title         = "{The Cambridge Dictionary of Statistics; 4th ed.}",
 publisher     = "Cambridge University Press",
 address       = "Leiden",
 year          = "2010",
 url           = "https://cds.cern.ch/record/1315418",
}

@inproceedings{kim-etal-fse2013,
 author = {Kim, Chang Hwan Peter and Marinov, Darko and Khurshid, Sarfraz and Batory, Don and Souto, Sabrina and Barros, Paulo and d'Amorim, Marcelo},
  title = {{SPL}at: {L}ightweight {D}ynamic {A}nalysis for {R}educing {C}ombinatorics in {T}esting {C}onfigurable {S}ystems},
  booktitle = {Proceedings of the 2013 9th Joint Meeting on Foundations of Software Engineering},
  series = {ESEC/FSE 2013},
  year = {2013},
  pages = {257--267}
}

@Misc{gcc,
  title		= {GCC - GNU Compiler Collection},
  howpublished	= {\url{http://gcc.gnu.org/}}
}

@Misc{linux-kernel,
    title = {Kernel linux options},
    howpublished =
    {\url{https://www.kernel.org/doc/html/latest/admin-guide/kernel-parameters.html?highlight=isolcpu}}
}

@Misc{souto-damorim-jss,
title={Time-Space Efficient Regression Testing for Configurable Systems},
note={under submission}
}

@INPROCEEDINGS{artl-etal-icst2015,
author={S. Arlt and T. Morciniec and A. Podelski and S. Wagner},
booktitle={International Conference on Software Testing, Verification and Validation (ICST)},
title={If A Fails, Can B Still Succeed? Inferring Dependencies between Test Results in Automotive System Testing},
year={2015},
pages={1-10},
ISSN={2159-4848},
month={April}
}

@Misc{google-tap,
title={Testing at the speed and scale of Google},
month={June},
year=2011,
note={\url{http://google-engtools.blogspot.com.br/2011/06/testing-at-speed-and-scale-of-google.html}}
}

@Misc{google-ci,
title={Tools for Continuous Integration at Google},
month={October},
year=2010,
note={\url{http://www.youtube.com/watch?v=b52aXZ2yi08}}
}

@article{prasad-shulte-ieee-microsoft-ci,
author = {Chandra Prasad and Wolfram Schulte},
title = {Taking Control of Your Engineering Tools},
journal = {Computer},
volume = {46},
number = {11},
issn = {0018-9162},
year = {2013},
pages = {63-66},
publisher = {IEEE Computer Society},
address = {Los Alamitos, CA, USA},
}

@inproceedings{hilton-etal-ase2016,
 author = {Hilton, Michael and Tunnell, Timothy and Huang, Kai and Marinov, Darko and Dig, Danny},
 title = {Usage, Costs, and Benefits of Continuous Integration in Open-source Projects},
 booktitle = {Proceedings of the 31st IEEE/ACM International Conference on Automated Software Engineering},
 series = {ASE 2016},
 year = {2016},
 isbn = {978-1-4503-3845-5},
 location = {Singapore, Singapore},
 pages = {426--437},
 numpages = {12},
 acmid = {2970358},
 publisher = {ACM},
 address = {New York, NY, USA},
 keywords = {continuous integration, mining software repositories},
} 


@article{soetens-etal-2016,
 author = {Soetens, Quinten David and Demeyer, Serge and Zaidman, Andy and P{\'e}rez, Javier},
 title = {Change-based Test Selection: An Empirical Evaluation},
 journal = {Empirical Softw. Engg.},
 issue_date = {October   2016},
 volume = {21},
 number = {5},
 month = oct,
 year = {2016},
 issn = {1382-3256},
 pages = {1990--2032},
 numpages = {43},
 acmid = {2992447},
 publisher = {Kluwer Academic Publishers},
 address = {Hingham, MA, USA},
 keywords = {Developer tests, Dynamic binding, Fine grained changes, Test selection},
} 

@article{yoo-harman-stvr2012,
 author = {Yoo, S. and Harman, M.},
 title = {Regression Testing Minimization, Selection and Prioritization: A Survey},
 journal = {Software Testing Verification and Reliability},
 issue_date = {March 2012},
 volume = {22},
 number = {2},
 month = mar,
 year = {2012},
 issn = {0960-0833},
 pages = {67--120},
 numpages = {54},
 acmid = {2284813},
 publisher = {John Wiley and Sons Ltd.},
 address = {Chichester, UK},
 keywords = {regression test selection, regression testing, test case prioritization, test suite minimization},
}

@Misc{ekstazi-web,
title={Ekstazi: Lightweight Test Selection (website)},
author={Milos Gligoric and Lamyaa Eloussi and Darko Marinov},
note={\url{http://ekstazi.org/research.html}}
}


@inproceedings{gligoric-etal-issta2015,
 author = {Gligoric, Milos and Eloussi, Lamyaa and Marinov, Darko},
 title = {Practical Regression Test Selection with Dynamic File Dependencies},
 booktitle = {ISSTA},
 pages = {211--222},
 year = {2015}
}


@Misc{matt-welsh-blog,
   author={Matt Welsh},
   title={Volatile and Decentralized},
   note={\url{http://matt-welsh.blogspot.com/2013/05/
what-i-wish-systems-researchers-would.html}}
}

@Misc{azure-error,
   author={},
   title={Configuration error brings down the Azure cloud platform.},
   note={\url{http://www.evolven.com/blog/configuration-error-brings-down-the-azure-cloud-platform.html}}
}

@Misc{facebook-error,
   author={Robert Johnson},
   title={ More details on todayâ€™s outage.},
   note={\url{https://www.facebook.com/notes/facebook-engineering/more-details-on-todaysoutage/431441338919}}
}

@Misc{dns-misconfiguration,
   author={},
   title={DNS misconfiguration.},
   note={\url{http://www.circleid.com/posts/misconfiguration_brings_down_entire_se_domain_in_sweden}}
}

@Misc{githubsearch,
   title={Github API Web site},
   note={\url{http://developer.github.com/v3/search/}}
}

@Misc{github-stars,
   title={Github about stars},
   note={\url{https://help.github.com/articles/about-stars/}}
}

@Misc{apache-camel-web,
  author	= {{Apache Camel}},
  note		= {\url{http://camel.apache.org/}}
}


@Misc{maven,
  author	= {Maven},
  note		= {\url{https://maven.apache.org/}}
}

@Misc{maven-surefire-plugin,
  author	= {Maven Surefire Plugin},
  note		= {\url{http://maven.apache.org/surefire/maven-surefire-plugin/}}
}

@Misc{junit-org,
  title	= {JUnit Web site},
  note		= {\url{http://junit.org}}
}

@Misc{nunit,
  title	= {NUnit Web site},
  note		= {\url{http://www.nunit.org}}
}

@Misc{testng,
  title	= {TestNG Web site},
  note		= {\url{http://testng.org}}
}


@Misc{firefox-web,
  author	= {{Firefox Web browser}},
  title		= {},
  note		= {\url{http://hg.mozilla.org}}
}

@Misc{selenium-hq,
  author	= {{Selenium Projects}},
  title		= {},
  note		= {\url{http://www.seleniumhq.org/projects/}}
}

@Misc{jgit,
  author	= {{JGit}},
  title		= {Java library implementing the Git version control system.},
  note		= {\url{https://eclipse.org/jgit/}}
}

@Misc{linux-kernel-web,
  author	= {{Linux kernel}},
  title		= {},
  note		= {\url{http://www.kernel.org}}
}

@Misc{gcc-web,
  author	= {{GCC} compiler infrastructure},
  title		= {},
  note		= {\url{http://gcc.gnu.org}}
}

@Misc{groupon-web,
  author	= {{Groupon}},
  title		= {A global e-commerce marketplace},
  note		= {\url{http://groupon.com}}
}

@Misc{junit-test-order,
  title		= {JUnit test execution order},
  note		= {\url{http://github.com/junit-team/junit4/wiki/Test-execution-order}}
}

@inproceedings{zhang-ernst-icse2014,
author = {Zhang, Sai and Ernst, Michael D.},
 title = {{W}hich {C}onfiguration {O}ption {S}hould {I} {C}hange?},
 booktitle = {Proceedings of the 36th International Conference on Software Engineering},
 series = {ICSE 2014},
 year = {2014},
 pages = {152--163}
} 


@inproceedings{zhang-ernst-icse2013,
author = {Zhang, Sai and Ernst, Michael D.},
 title = {{A}utomated {D}iagnosis of {S}oftware {C}onfiguration {E}rrors},
 booktitle = {ICSE},
 year = {2013},
 pages = {312--321}
}

@inproceedings{cohen:issta07,
 author = {Cohen, Myra B. and Dwyer, Matthew B. and Shi, Jiangfan},
 title = {Interaction testing of highly-configurable systems in the presence of constraints},
 booktitle = {ISSTA},
 year = {2007},
 pages = {129--139}
 }


@inproceedings{emine-etal-issta2011,
 author = {Dumlu, Emine and Yilmaz, Cemal and Cohen, Myra B. and Porter, Adam},
 title = {Feedback driven adaptive combinatorial testing},
 booktitle = {ISSTA},
 year = {2011},
 isbn = {978-1-4503-0562-4},
 pages = {243--253},
 numpages = {11},
}


@inproceedings{cohen-etal-icse2003,
 author = {Cohen, Myra B. and Gibbons, Peter B. and Mugridge, Warwick B. and Colbourn, Charles J.},
 title = {Constructing test suites for interaction testing},
 booktitle = {ICSE},
 year = {2003},
 pages = {38--48},
}


@inproceedings{cohen-shmuelur-icse2010,
  author    = {Myra B. Cohen and
               Shmuel Ur},
  title     = {Combinatorial test design in practice},
  booktitle = {ICSE},
  year      = {2010},
  pages     = {495-496}
}


@inproceedings{medeiros-etal-icse2016,
 author = {Fl\'avio Medeiros and Christian K\"astner and M\'arcio Ribeiro and Rohit Gheyi and Sven Apel},
 title = {A Comparison of 10 Sampling Algorithms for Configurable Systems},
 booktitle = {ICSE},
 year = {2016},
 pages = {XXX--YYY}
}

@inproceedings{ribeiro-etal-icse2014,
 author = {Ribeiro, M\'{a}rcio and Borba, Paulo and K\"{a}stner, Christian},
 title = {Feature Maintenance with Emergent Interfaces},
 booktitle = {ICSE},
 year = {2014},
 pages = {989--1000}
}

@inproceedings{kenner-etal-fosd-2010,
 author = {Kenner, Andy and K\"{a}stner, Christian and Haase, Steffen and Leich, Thomas},
 title = {TypeChef: Toward Type Checking \#Ifdef Variability in C},
 booktitle = {FOSD},
 year = {2010},
 pages = {25--32}
}

@InProceedings{spllift,
  author = 	 {Eric Bodden and Mira Mezini and Claus Brabrand and T\'arsis Tol\^edo and M\'arcio Ribeiro and Paulo Borba},
  title = 	 {{SPLlift} - Transparent and Efficient Reuse of {IFDS}-based Static Program Analyses for Software Product Lines},
  booktitle = {PLDI},
  year = 	 {2013}
}

@inproceedings{brabrand-2012,
 author = {Brabrand, Claus and Ribeiro, M\'{a}rcio and Tol\^{e}do, T\'{a}rsis and Borba, Paulo},
 title = {Intraprocedural dataflow analysis for software product lines},
 booktitle = {AOSD},
 year = {2012},
 pages = {13--24}
}

@inproceedings{behrang-etal-fse2015,
 author = {Behrang, Farnaz and Cohen, Myra B. and Orso, Alessandro},
 title = {Users Beware: Preference Inconsistencies Ahead},
 booktitle = {ESEC/FSE},
 series = {ESEC/FSE 2015},
 year = {2015},
 pages = {295--306}
}

@inproceedings{sabrina-etal-splc15,
author = {Souto, Sabrina and Gopinath, Divya and d'Amorim, Marcelo and Marinov, Darko and Khurshid, Sarfraz and Batory, Don},
 title = {{F}aster {B}ug {D}etection for {S}oftware {P}roduct {L}ines with {I}ncomplete {F}eature {M}odels},
 booktitle = {SPLC},
 year = {2015},
 pages = {151--160}
}

@Misc{souto-damorim-jss-2016,
title={Time-Space Efficient Regression Testing for Configurable Systems},
author={Sabrina Souto and Marcelo d'Amorim},
note={Under Submission}
}

@INPROCEEDINGS{campos-etal-ase2016,
author={J. Campos and R. Abreu and G. Fraser and M. d'Amorim},
booktitle={ASE},
title={Entropy-based test generation for improved fault localization},
year={2013},
pages={257-267},
month={Nov}}

@article{ceri-etal-ieee-tkde-1989,
 author = {Ceri, S. and Gottlob, G. and Tanca, L.},
 title = {What You Always Wanted to Know About Datalog (And Never Dared to Ask)},
 journal = {IEEE Transactions on Knowledge and Data Engineering},
 issue_date = {March 1989},
 volume = {1},
 number = {1},
 month = mar,
 year = {1989},
 pages = {146--166},
 numpages = {21}
}
                 
